@book{books/daglib/0023376,
  added-at = {2020-08-17T00:00:00.000+0200},
  author = {Cormen, Thomas H. and Leiserson, Charles E. and Rivest, Ronald L. and Stein, Clifford},
  biburl = {https://www.bibsonomy.org/bibtex/244521181e0affc44006d6de882c21627/dblp},
  ee = {https://www.worldcat.org/oclc/698955316},
  interhash = {bfcf8edf7ee96a0ee5630d6f3541da94},
  intrahash = {44521181e0affc44006d6de882c21627},
  isbn = {9780262533058},
  keywords = {dblp},
  pages = {I-XIX, 1-1292},
  publisher = {MIT Press},
  timestamp = {2020-08-18T11:45:35.000+0200},
  title = {Introduction to Algorithms, 3rd Edition.},
  year = 2009
}
@article{Strassen1969,
  doi = {10.1007/bf02165411},
  url = {https://doi.org/10.1007/bf02165411} ,
  year = {1969},
  month = aug,
  publisher = {Springer Science and Business Media {LLC}},
  volume = {13},
  number = {4},
  pages = {354--356},
  author = {Volker Strassen},
  title = {Gaussian elimination is not optimal},
  journal = {Numerische Mathematik}
}

@book{1984,
  doi = {10.1007/3-540-13866-8},
  url = {https://doi.org/10.1007/3-540-13866-8} ,
  year = {1984},
  publisher = {Springer Berlin Heidelberg},
  editor = {Victor Pan},
  title = {How to Multiply Matrices Faster}
}


